% This file was created with JabRef 2.10.
% Encoding: Cp1252


@Book{Beaver2013,
  Title                    = {Hacking for dummies},
  Author                   = {Kevin Beaver},
  Editor                   = {Kevin Beaver},
  Publisher                = {John Wiley \& Sons, inc},
  Year                     = {2013},

  Owner                    = {nathan},
  Timestamp                = {2015.03.04}
}

@Manual{Browne2013,
  Title                    = {Sockstress},
  Author                   = {Sam Browne},
  Month                    = {Januari},
  Year                     = {2013},

  Owner                    = {nathan},
  Timestamp                = {2015.03.19},
  Url                      = {https://samsclass.info/123/proj10/sockstress.htm#5}
}

@Manual{Buff2003,
  Title                    = {Firewall best practises packet filtering},
  Author                   = {Nathan Buff},
  Month                    = {februari},
  Year                     = {2003},

  Owner                    = {nathan},
  Timestamp                = {2015.04.08},
  Url                      = {http://securityskeptic.typepad.com/the-security-skeptic/firewall-best-practices-egress-traffic-filtering.html}
}

@Manual{Chaudhary2014,
  Title                    = {Penetration testing hacking xp},
  Author                   = {Shashwat Chaudhary},
  Month                    = {Februari},
  Organization             = {kalitutorials},
  Year                     = {2014},

  Owner                    = {nathan},
  Timestamp                = {2015.03.17},
  Url                      = {http://www.kalitutorials.net/2014/02/penetration-testing-hacking-xp.html}
}

@Manual{Chaudhary2014a,
  Title                    = {Penetration Testing : Hacking Windows Using Metaploit and Meterpreter},
  Author                   = {Shashwat Chaudhary},
  Month                    = {Februari},
  Year                     = {2014},

  Owner                    = {nathan},
  Timestamp                = {2015.03.17},
  Url                      = {http://www.kalitutorials.net/2014/02/penetration-testing-hacking-windows.html}
}

@Book{Engebretson2011,
  Title                    = {The basics of hacking and penetration testing},
  Author                   = {Patrick Engebretson},
  Editor                   = {James Broad},
  Publisher                = {Elsevier},
  Year                     = {2011},

  Owner                    = {nathan},
  Timestamp                = {2015.03.04}
}

@Manual{Glynn,
  Title                    = {ARP-spoofing},
  Author                   = {Fergal Glynn},

  Owner                    = {nathan},
  Timestamp                = {2015.04.21},
  Url                      = {http://www.veracode.com/security/arp-spoofing}
}

@Book{Jackson2010,
  Title                    = {Network security auditing},
  Author                   = {Chris Jackson},
  Editor                   = {Brett Bartow},
  Publisher                = {ciscopress},
  Year                     = {2010},

  Owner                    = {nathan},
  Timestamp                = {2015.03.04}
}

@Manual{Microsoft2013,
  Title                    = {Security Best Practices for IIS 8},
  Author                   = {Microsoft},
  Month                    = {Juni},
  Year                     = {2013},

  Owner                    = {nathan},
  Timestamp                = {2015.03.26},
  Url                      = {https://technet.microsoft.com/en-us/library/jj635855.aspx}
}

@Manual{MoonMei,
  Title                    = {Crack ftp passwords with Hydra},
  Author                   = {Silver Moon},
  Month                    = {2013},
  Year                     = {Mei},

  Owner                    = {nathan},
  Timestamp                = {2015.04.21},
  Url                      = {http://www.binarytides.com/crack-ftp-passwords-with-thc-hydra-tutorial/}
}

@Manual{Nabors2013,
  Title                    = {Managing the Windows Server 2012 Firewall},
  Author                   = {Evan Nabors},
  Month                    = {April},
  Year                     = {2013},

  Owner                    = {nathan},
  Timestamp                = {2015.04.08},
  Url                      = {http://www.rackspace.com/knowledge_center/article/managing-the-windows-server-2012-firewall}
}

@Manual{Nuckolls2011,
  Title                    = {Create ASP.Net web app and SQL server database},
  Author                   = {Jeff Nuckolls},
  Month                    = {Januari},
  Year                     = {2011},

  Owner                    = {nathan},
  Timestamp                = {2015.03.19},
  Url                      = {https://www.youtube.com/watch?v=_gqpBLNo7wo}
}

@Manual{WIlde2013,
  Title                    = {Hacking Tutorial: Brute Force Password Cracking},
  Author                   = {Bryan WIlde},
  Month                    = {september},
  Year                     = {2013},

  Owner                    = {nathan},
  Timestamp                = {2015.04.21},
  Url                      = {https://blog.udemy.com/hacking-tutorial/}
}

