% This file was created with JabRef 2.10.
% Encoding: Cp1252


@Article{Acunetix2014,
  Title                    = {SQL injection: What is it?},
  Author                   = {Acunetix},
  Journal                  = {Acunetix},
  Year                     = {2014},
  Note                     = {https://www.acunetix.com/websitesecurity/sql-injection/},

  Owner                    = {nathan},
  Timestamp                = {2015.05.21}
}

@Manual{Angus2005,
  Title                    = {SQL Injection and some tips on how to prevent them},
  Author                   = {Colin Angus},
  Note                     = {http://www.codeproject.com/Articles/9378/SQL-Injection-Attacks-and-Some-Tips-on-How-to-Prev},
  Year                     = {2005},

  Owner                    = {nathan},
  Timestamp                = {2015.05.14}
}

@Book{Beaver2013,
  Title                    = {Hacking for dummies},
  Author                   = {Kevin Beaver},
  Editor                   = {Kevin Beaver},
  Publisher                = {John Wiley \& Sons, inc},
  Year                     = {2013},

  Owner                    = {nathan},
  Timestamp                = {2015.03.04}
}

@Article{Blagov2014,
  Title                    = {Denial of service},
  Author                   = {Maxim Blagov},
  Journal                  = {Incapsula},
  Year                     = {2014},
  Note                     = {https://www.incapsula.com/ddos/ddos-attacks/denial-of-service.html},

  Owner                    = {nathan},
  Timestamp                = {2015.05.21}
}

@Manual{Bowne2013,
  Title                    = {Sockstress},
  Author                   = {Sam Bowne},
  Note                     = {https://samsclass.info/123/proj10/sockstress.htm},
  Year                     = {2013},

  Owner                    = {nathan},
  Timestamp                = {2015.05.21}
}

@Manual{Browne2013,
  Title                    = {Sockstress},
  Author                   = {Sam Browne},
  Month                    = {Januari},
  Note                     = {https://samsclass.info/123/proj10/sockstress.htm\#5},
  Year                     = {2013},

  Owner                    = {nathan},
  Timestamp                = {2015.03.19}
}

@Manual{Buff2003,
  Title                    = {Firewall best practises packet filtering},
  Author                   = {Nathan Buff},
  Month                    = {februari},
  Note                     = {http://securityskeptic.typepad.com/the-security-skeptic/firewall-best-practices-egress-traffic-filtering.html},
  Year                     = {2003},

  Owner                    = {nathan},
  Timestamp                = {2015.04.08}
}

@Manual{Chaudhary2014,
  Title                    = {Penetration testing hacking xp},
  Author                   = {Shashwat Chaudhary},
  Month                    = {Februari},
  Note                     = {http://www.kalitutorials.net/2014/02/penetration-testing-hacking-xp.html},
  Organization             = {kalitutorials},
  Year                     = {2014},

  Owner                    = {nathan},
  Timestamp                = {2015.03.17}
}

@Manual{Chaudhary2014a,
  Title                    = {Penetration Testing : Hacking Windows Using Metaploit and Meterpreter},
  Author                   = {Shashwat Chaudhary},
  Month                    = {Februari},
  Note                     = {http://www.kalitutorials.net/2014/02/penetration-testing-hacking-windows.html},
  Year                     = {2014},

  Owner                    = {nathan},
  Timestamp                = {2015.03.17}
}

@Manual{Cisco2013,
  Title                    = {SQL Injection},
  Author                   = {Cisco},
  Note                     = {http://www.cisco.com/web/about/security/intelligence/sql\_injection.html},
  Year                     = {2013},

  Owner                    = {nathan},
  Timestamp                = {2015.05.11}
}

@Article{Cott2012,
  Title                    = {Best practices for securing your web server},
  Author                   = {Robert Cott},
  Journal                  = {ServerBeach},
  Year                     = {2012},
  Note                     = {http://www.serverbeach.com/resources/Best-Practices-For-Securing-Your-Web-Server},

  Owner                    = {nathan},
  Timestamp                = {2015.05.20}
}

@Book{Engebretson2011,
  Title                    = {The basics of hacking and penetration testing},
  Author                   = {Patrick Engebretson},
  Editor                   = {James Broad},
  Publisher                = {Elsevier},
  Year                     = {2011},

  Owner                    = {nathan},
  Timestamp                = {2015.03.04}
}

@Manual{Gibson2011,
  Title                    = {Exploring common web server attacks},
  Author                   = {Darril Gibson},
  Month                    = {Juni},
  Note                     = {http://www.pearsonitcertification.com/articles/article.aspx?p=1713591},
  Year                     = {2011},

  Owner                    = {nathan},
  Timestamp                = {2015.05.13}
}

@Article{Hoffm2015,
  Title                    = {HTG explains what is dns cache poisoning},
  Author                   = {Chris Hoffman},
  Journal                  = {HowToGeek},
  Year                     = {2015},
  Note                     = {http://www.howtogeek.com/161808/htg-explains-what-is-dns-cache-poisoning/},

  Owner                    = {nathan},
  Timestamp                = {2015.05.21}
}

@Manual{Hoffm2014,
  Title                    = {how to use wireshark to capture filter and inspect packets},
  Author                   = {Chris Hoffman},
  Month                    = {Oktober},
  Note                     = {http://www.howtogeek.com/104278/how-to-use-wireshark-to-capture-filter-and-inspect-packets/},
  Year                     = {2014},

  Owner                    = {nathan},
  Timestamp                = {2015.05.14}
}

@Book{Jackson2010,
  Title                    = {Network security auditing},
  Author                   = {Chris Jackson},
  Publisher                = {ciscopress},
  Year                     = {2010},

  Owner                    = {nathan},
  Timestamp                = {2015.03.04}
}

@Article{Kessler2001,
  Title                    = {Port Scanning: It's not just an offensive tool anymore},
  Author                   = {Gary C. Kessler},
  Journal                  = {Information Security Magazine},
  Year                     = {2001},
  Note                     = {http://www.garykessler.net/library/is\_tools\_scan.html},

  Owner                    = {nathan},
  Timestamp                = {2015.05.21}
}

@Book{Messer2007,
  Title                    = {Secrets of Network Cartography: A Comprehensive Guide to nmap},
  Author                   = {James Messer},
  Publisher                = {Professor Messer},
  Year                     = {2007},
  Edition                  = {2},
  Month                    = {Maart},

  Owner                    = {nathan},
  Timestamp                = {2015.05.05}
}

@Manual{Microsoft2013,
  Title                    = {Security Best Practices for IIS 8},
  Author                   = {Microsoft},
  Month                    = {Juni},
  Note                     = {https://technet.microsoft.com/en-us/library/jj635855.aspx},
  Year                     = {2013},

  Owner                    = {nathan},
  Timestamp                = {2015.03.26}
}

@Article{Moir2003,
  Title                    = {Defining Malware},
  Author                   = {Robert Moir},
  Journal                  = {Microsoft technet},
  Year                     = {2003},

  Month                    = {Oktober},
  Note                     = {https://technet.microsoft.com/en-us/library/dd632948.aspx},

  Owner                    = {nathan},
  Timestamp                = {2015.05.07}
}

@Manual{Moon2013,
  Title                    = {Crack ftp passwords with Hydra},
  Author                   = {Silver Moon},
  Month                    = {Mei},
  Note                     = {http://www.binarytides.com/crack-ftp-passwords-with-thc-hydra-tutorial/},
  Year                     = {2013},

  Owner                    = {nathan},
  Timestamp                = {2015.04.21}
}

@Manual{Nabors2013,
  Title                    = {Managing the Windows Server 2012 Firewall},
  Author                   = {Evan Nabors},
  Month                    = {April},
  Note                     = {http://www.rackspace.com/knowledge\_center/article/managing-the-windows-server-2012-firewall},
  Year                     = {2013},

  Owner                    = {nathan},
  Timestamp                = {2015.04.08}
}

@Manual{Nuckolls2011,
  Title                    = {Create ASP.Net web app and SQL server database},
  Author                   = {Jeff Nuckolls},
  Month                    = {Januari},
  Note                     = {https://www.youtube.com/watch?v=\_gqpBLNo7wo},
  Year                     = {2011},

  Owner                    = {nathan},
  Timestamp                = {2015.03.19}
}

@Article{Poley2013,
  Title                    = {Best practices for keeping the web server data protected},
  Author                   = {Josh Poley},
  Journal                  = {Stackoverflow},
  Year                     = {2013},

  Month                    = {September},
  Note                     = {http://stackoverflow.com/questions/18525927/best-practices-for-keeping-the-web-server-data-protected},

  Owner                    = {nathan},
  Timestamp                = {2015.05.20}
}

@Article{Posey2011,
  Title                    = {10 best practices for Windows security},
  Author                   = {Brien Posey},
  Journal                  = {TechRepublic},
  Year                     = {2011},

  Month                    = {Maart},
  Note                     = {http://www.techrepublic.com/blog/10-things/-10-best-practices-for-windows-security/},

  Owner                    = {nathan},
  Timestamp                = {2015.05.20}
}

@Article{Rouse2014,
  Title                    = {SYN flood (half open attack)},
  Author                   = {Margaret Rouse},
  Journal                  = {TechTarget},
  Year                     = {2014},

  Month                    = {April},
  Note                     = {http://searchsecurity.techtarget.com/definition/SYN-flooding},

  Owner                    = {nathan},
  Timestamp                = {2015.05.21}
}

@Manual{Siddharth2006,
  Title                    = {Five common web application vulnerabilities},
  Author                   = {Sumi Siddharth},
  Month                    = {April},
  Note                     = {http://www.symantec.com/connect/articles/five-common-web-application-vulnerabilities},
  Year                     = {2006},

  Owner                    = {nathan},
  Timestamp                = {2015.05.13}
}

@Article{Sim2005,
  Title                    = {Security Risk Assessment and Management in Web Application Security},
  Author                   = {Caleb Sima},
  Journal                  = {WebProNews},
  Year                     = {2005},
  Note                     = {http://www.webpronews.com/security-risk-assessment-and-management-in-web-application-security-2005-11},

  Owner                    = {nathan},
  Timestamp                = {2015.05.21}
}

@Book{Stanek2009,
  Title                    = {Windows Server 2008 Administrator's pocket cons},
  Author                   = {Williamn R. Stanek},
  Publisher                = {Microsoft},
  Year                     = {2009},
  Edition                  = {2de editie},
  Note                     = {https://technet.microsoft.com/en-us/magazine/ff741764.aspx},

  Owner                    = {nathan},
  Timestamp                = {2015.05.20}
}

@Article{Vialle2012,
  Title                    = {Security Best Practices to Protect Internet Facing Web Servers},
  Author                   = {Philippe Vialle},
  Journal                  = {Microsoft},
  Year                     = {2012},

  Month                    = {Oktober},
  Note                     = {http://social.technet.microsoft.com/wiki/contents/articles/13974.security-best-practices-to-protect-internet-facing-web-servers.aspx},

  Owner                    = {nathan},
  Timestamp                = {2015.05.20}
}

@Article{Wiener-Bronner2014,
  Title                    = {Report shows cyber crime is on the rise},
  Author                   = {Danielle Wiener-Bronner},
  Journal                  = {The Wire},
  Year                     = {2014},

  Month                    = {April},
  Note                     = {http://www.thewire.com/technology/2014/04/report-shows-cyber-espionage-is-on-the-rise/361024/},

  Owner                    = {nathan},
  Timestamp                = {2015.05.20}
}

@Manual{Wilde2013,
  Title                    = {Hacking Tutorial: Brute Force Password Cracking},
  Author                   = {Bryan Wilde},
  Month                    = {september},
  Note                     = {https://blog.udemy.com/hacking-tutorial/},
  Year                     = {2013},

  Owner                    = {nathan},
  Timestamp                = {2015.04.21}
}

